<record><leader>00000cas a22000007a 4500</leader><controlfield tag="001">3824058</controlfield><controlfield tag="008">780424c19549999ohudn ne      0   a0eng  </controlfield><datafield ind1=" " ind2=" " tag="010"><subfield code="a">sn 90068474 </subfield></datafield><datafield ind1=" " ind2=" " tag="040"><subfield code="a">KSU</subfield><subfield code="b">eng</subfield><subfield code="c">KSU</subfield><subfield code="d">ONP</subfield><subfield code="d">TJC</subfield><subfield code="d">OCLCQ</subfield><subfield code="d">DLC</subfield><subfield code="d">IUL</subfield><subfield code="d">OCLCA</subfield><subfield code="d">OCLCF</subfield><subfield code="d">OCLCQ</subfield><subfield code="d">KSU</subfield><subfield code="d">OCL</subfield><subfield code="d">OCLCA</subfield></datafield><datafield ind1=" " ind2=" " tag="012"><subfield code="l">1</subfield></datafield><datafield ind1=" " ind2=" " tag="019"><subfield code="a">839731723</subfield></datafield><datafield ind1="0" ind2=" " tag="022"><subfield code="a">0011-5444</subfield><subfield code="2">1</subfield></datafield><datafield ind1=" " ind2=" " tag="037"><subfield code="b">Kent State University, 240 Franklin Hall, Kent Ohio 44242</subfield></datafield><datafield ind1=" " ind2=" " tag="042"><subfield code="a">pcc</subfield><subfield code="a">nsdp</subfield></datafield><datafield ind1=" " ind2=" " tag="043"><subfield code="a">n-us-oh</subfield></datafield><datafield ind1="1" ind2="0" tag="050"><subfield code="a">ISSN RECORD</subfield></datafield><datafield ind1="1" ind2="0" tag="082"><subfield code="a">070</subfield><subfield code="2">14</subfield></datafield><datafield ind1="0" ind2=" " tag="130"><subfield code="a">Daily Kent stater (Kent, Ohio : 1954)</subfield></datafield><datafield ind1=" " ind2="4" tag="222"><subfield code="a">The Daily Kent stater</subfield></datafield><datafield ind1="1" ind2="4" tag="245"><subfield code="a">The Daily Kent stater.</subfield></datafield><datafield ind1=" " ind2=" " tag="260"><subfield code="a">Kent, Ohio :</subfield><subfield code="b">Kent State University,</subfield><subfield code="c">1954-</subfield></datafield><datafield ind1=" " ind2=" " tag="300"><subfield code="a">v</subfield></datafield><datafield ind1=" " ind2=" " tag="310"><subfield code="a">Daily (except Sun. and Mon., suspended during vacations)</subfield></datafield><datafield ind1=" " ind2=" " tag="336"><subfield code="a">text</subfield><subfield code="b">txt</subfield><subfield code="2">rdacontent</subfield></datafield><datafield ind1=" " ind2=" " tag="337"><subfield code="a">unmediated</subfield><subfield code="b">n</subfield><subfield code="2">rdamedia</subfield></datafield><datafield ind1="0" ind2=" " tag="362"><subfield code="a">Sept. 22, 1954-</subfield></datafield><datafield ind1=" " ind2=" " tag="588"><subfield code="a">Latest issue consulted: Jan. 25, 2011 (surrogate).</subfield></datafield><datafield ind1="2" ind2="0" tag="610"><subfield code="a">Kent State University</subfield><subfield code="v">Newspapers.</subfield></datafield><datafield ind1=" " ind2="0" tag="650"><subfield code="a">Universities and colleges</subfield><subfield code="z">Ohio</subfield><subfield code="v">Newspapers.</subfield></datafield><datafield ind1=" " ind2="0" tag="651"><subfield code="a">Kent (Ohio)</subfield><subfield code="v">Newspapers.</subfield></datafield><datafield ind1=" " ind2="0" tag="651"><subfield code="a">Portage County (Ohio)</subfield><subfield code="v">Newspapers.</subfield></datafield><datafield ind1="2" ind2="7" tag="610"><subfield code="a">Kent State University.</subfield><subfield code="2">fast</subfield><subfield code="0">(OCoLC)fst00536055</subfield></datafield><datafield ind1=" " ind2="7" tag="650"><subfield code="a">Universities and colleges.</subfield><subfield code="2">fast</subfield><subfield code="0">(OCoLC)fst01161597</subfield></datafield><datafield ind1=" " ind2="7" tag="651"><subfield code="a">Ohio.</subfield><subfield code="2">fast</subfield><subfield code="0">(OCoLC)fst01205075</subfield></datafield><datafield ind1=" " ind2="7" tag="651"><subfield code="a">Ohio</subfield><subfield code="z">Kent.</subfield><subfield code="2">fast</subfield><subfield code="0">(OCoLC)fst01205959</subfield></datafield><datafield ind1=" " ind2="7" tag="651"><subfield code="a">Ohio</subfield><subfield code="z">Portage County.</subfield><subfield code="2">fast</subfield><subfield code="0">(OCoLC)fst01206645</subfield></datafield><datafield ind1=" " ind2="7" tag="655"><subfield code="a">Newspapers.</subfield><subfield code="2">fast</subfield><subfield code="0">(OCoLC)fst01423814</subfield></datafield><datafield ind1=" " ind2=" " tag="752"><subfield code="a">United States</subfield><subfield code="b">Ohio</subfield><subfield code="c">Portage</subfield><subfield code="d">Kent.</subfield></datafield><datafield ind1="0" ind2="8" tag="776"><subfield code="t">Daily Kent stater (Kent, Ohio : 1954 : Online)</subfield><subfield code="w">(OCoLC)60623791</subfield></datafield><datafield ind1="0" ind2="0" tag="780"><subfield code="t">Kent Stater</subfield><subfield code="w">(DLC)sn 91074587</subfield><subfield code="w">(OCoLC)3805515</subfield></datafield><datafield ind1="4" ind2="1" tag="856"><subfield code="u">http://www.stater.kent.edu/</subfield></datafield><datafield ind1="4" ind2="1" tag="856"><subfield code="u">http://issuu.com/kentwired/docs/012010</subfield></datafield><datafield ind1="4" ind2="1" tag="856"><subfield code="u">http://kentwired.com/</subfield><subfield code="z">Scroll down to bottom right hand corner</subfield></datafield><datafield ind1="1" ind2=" " tag="029"><subfield code="a">AU@</subfield><subfield code="b">000020681856</subfield></datafield></record>